<?xml version="1.0" encoding="UTF-8"?><collection xmlns="http://www.loc.gov/MARC21/slim"><record><leader>00679nam--2200193-u-4500</leader><controlfield tag="001">000056321</controlfield><controlfield tag="002">20161230</controlfield><controlfield tag="005">20170116140817</controlfield><controlfield tag="008">150610s1000------------r-----000-0-eng-d</controlfield><datafield ind1=" " ind2=" " tag="020"><subfield code="a">9780735412842</subfield></datafield><datafield ind1=" " ind2=" " tag="040"><subfield code="a">IFIN-HH</subfield></datafield><datafield ind1="1" ind2=" " tag="100"><subfield code="a">Trache, Livius</subfield></datafield><datafield ind1="1" ind2="0" tag="245"><subfield code="a">Exotic Nuclei and Nuclear/ Particle Astrophysics (v). From Nuclei to Stars</subfield><subfield code="b">Carpathian Summer School of Physics 2014, Sinaia Romania, 13-26 July 2014</subfield><subfield code="c">Livius Trache, Daniela Chesneanu, Calin Alexandru Ur (eds)</subfield></datafield><datafield ind1=" " ind2=" " tag="260"><subfield code="a">New York</subfield><subfield code="b">Aip Publishing</subfield><subfield code="c">2015</subfield></datafield><datafield ind1=" " ind2=" " tag="300"><subfield code="a">IX+449 p</subfield></datafield><datafield ind1=" " ind2=" " tag="490"><subfield code="a">Aip Proceedings Vol. 1645</subfield></datafield><datafield ind1="1" ind2=" " tag="700"><subfield code="a">Ur, Calin Alexandru</subfield><subfield code="e">Ed</subfield></datafield><datafield ind1=" " ind2=" " tag="852"><subfield code="a">82235</subfield><subfield code="c">523</subfield></datafield><datafield ind1=" " ind2=" " tag="CAT"><subfield code="a">SYS</subfield><subfield code="c">20170116</subfield><subfield code="h">140817</subfield></datafield></record></collection>